3059 4417
121 358 210 406 xxxr
478 358 586 409 eurus
604 357 729 409 lunius
748 357 888 408 caussa
1210 335 1269 401 181

163 522 296 587 Aedilis
330 528 462 605 praeter
498 524 673 587 comitium
709 531 747 586 ic
783 522 895 586 forum
931 522 1033 586 etiam
1062 520 1270 602 Oapitdlinm
1291 541 1334 587 50
1381 555 1389 570 ·

121 624 255 687 fimavit
269 623 467 705 porticibus.
524 621 730 688 Venaticnes
745 626 859 686 autem
874 620 1039 707 ludusque
1055 625 1089 686 et
1104 642 1182 686 cum
1203 620 1269 685 col-

120 721 197 805 lega
225 723 273 788 Μ.
304 722 430 789 Bibule
458 727 492 788 st
519 723 700 805 separatim
729 722 850 787 edidit:
887 730 956 807 quc
984 721 1113 788 iactum
1141 725 1202 798 est,
1232 726 1271 785 ut

121 823 352 887 communium
387 845 523 908 quoque
558 823 788 906 impensarum
824 821 916 887 selus
951 823 1095 906 gratiam
1124 826 1268 904 caperet.

120 919 190 986 His
210 927 324 989 autern
349 924 450 988 rebus
472 924 714 1006 patrimcnium
740 922 862 988 effudit
884 927 1084 1008 tantumque
1109 924 1271 989 ccnflavit

120 1045 177 1088 aes
190 1022 348 1100 alienum,
365 1027 404 1088 ut
419 1025 491 1105 ipse
505 1025 641 1100 dineret,
657 1024 723 1090 sibi
739 1046 825 1105 opus
840 1045 913 1089 esse
928 1024 1051 1090 millies
1066 1026 1268 1098 sestertium,
1291 1039 1334 1084 55

120 1127 160 1187 ut
172 1122 314 1189 haberet
326 1124 423 1188 nihil.

162 1221 292 1288 Ocnsul
311 1223 435 1289 deinde
463 1229 596 1289 orestus
624 1245 702 1288 cum
731 1223 780 1288 M.
811 1222 937 1288 Bibule
966 1224 1161 1289 societatem
1191 1245 1268 1287 cum

120 1321 241 1389 Gnae6
254 1323 419 1406 Pompeii>
432 1330 467 1388 et
481 1325 597 1389 Marce
612 1323 734 1389 Crassi>
748 1324 861 1389 iunxit
875 1322 1006 1401 Caesar,
1022 1333 1066 1389 ne
1086 1324 1171 1411 quid
1194 1345 1269 1406 age·
1357 1320 1359 1325 ⁴

119 1428 213 1488 retur
228 1423 265 1487 in
279 1424 461 1505 republica,
478 1425 570 1509 quod
583 1424 816 1505 displicuisset
831 1422 893 1489 ulli
907 1445 948 1490 ex
963 1425 1083 1490 tribus.
1135 1422 1269 1489 Deinde

117 1523 229 1607 legem
244 1523 333 1600 tulit,
349 1529 388 1587 ut
401 1547 480 1608 ager
499 1523 693 1606 Oampsnus
715 1525 810 1606 plebi
835 1524 1052 1594 divideretur.
1109 1522 1176 1589 Oui
1201 1523 1270 1607 legi
1290 1543 1334 1588 eo

118 1647 197 1688 cum
219 1628 358 1689 sentitus
380 1630 591 1707 repugnaret,
607 1647 677 1689 rem
696 1624 739 1689 ad
762 1624 927 1707 populum
944 1624 1077 1689 detulit.
1121 1622 1268 1689 Bibulus
1330 1650 1332 1653 ·

116 1723 248 1807 collega
261 1724 299 1788 in
313 1722 424 1788 forum
438 1726 541 1802 venit,
563 1730 601 1789 ut
621 1724 689 1808 legi
711 1726 900 1804 obsisteret,
926 1726 985 1790 sed
1011 1729 1105 1790 tanta
1130 1727 1168 1791 in
1190 1747 1268 1790 eum

117 1829 286 1889 commuta
300 1829 352 1890 est
364 1825 496 1902 seditic,
511 1830 551 1889 ut
565 1823 674 1892 fasces
699 1834 732 1890 ei
742 1824 979 1909 frangerentur
989 1830 1093 1908 atque
1103 1826 1187 1890 adef)
1196 1827 1269 1907 ipse

117 1932 222 1989 armis
244 1924 318 1989 fors)
340 1924 571 2006 expelleretur.
615 1923 728 2006 Quare
750 1948 829 1990 cum
849 1923 995 1991 Bibulus
1017 1947 1077 2007 per
1099 1926 1269 2010 reliquum

117 2033 200 2088 anni
215 2028 350 2105 tempus
363 2024 464 2089 domt')
477 2025 614 2090 abditus
628 2027 721 2091 curie
736 2026 931 2104 abstineret,
947 2034 1034 2091 unus
1056 2048 1096 2090 ex
1121 2033 1162 2090 ee
1187 2030 1268 2090 tem·
1290 2047 1333 2092 ec

117 2146 200 2207 pore
215 2124 338 2190 Caesar
351 2127 464 2190 omnia
478 2126 516 2190 in
530 2125 703 2207 republica
726 2126 770 2190 ad
795 2126 972 2190 arbitrium
998 2127 1265 2204 administrabat,

118 2230 157 2290 ut
173 2224 330 2289 nunnulli
344 2226 559 2302 urbancrum,
574 2233 605 2291 si
618 2225 704 2309 quid
718 2226 866 2291 testandi
880 2228 989 2309 grstia
1003 2232 1187 2309 signarent,
1209 2249 1269 2308 per

117 2327 232 2389 iocum
246 2333 324 2401 nen,
340 2329 379 2389 ut
394 2334 466 2391 mus
481 2332 561 2403 erat,
576 2325 775 2391 censalibus
789 2325 932 2392 Caesare
946 2331 981 2391 et
1003 2325 1129 2391 Bibule
1153 2332 1265 2391 sctum

117 2426 315 2500 scriberent,
329 2425 389 2490 sed
404 2425 494 2491 Iulic
515 2431 551 2492 et
572 2426 722 2503 Caesare,
747 2436 853 2492 finum
877 2426 1049 2492 censnlem
1074 2428 1210 2492 numine
1236 2433 1269 2491 et

117 2526 320 2607 ccgndmine
334 2534 396 2608 pru
410 2526 544 2591 ducbus
558 2527 777 2608 appellantes.
1290 2545 1334 2594 70

162 2624 315 2691 Functus
350 2626 526 2691 cunsulatu
562 2626 684 2692 ansar
715 2626 862 2691 Galliam
893 2628 1100 2708 pruvinciam
1130 2627 1268 2708 accepit.

123 2801 179 2846 51.
213 2792 361 2857 porticus,
373 2797 431 2856 -1'18,
450 2812 482 2855 a,
502 2796 598 2860 purch,
617 2797 672 2845 ccl·
728 2802 783 2845 59.
817 2792 976 2857 displices,
988 2800 1012 2856 2,
1024 2812 1060 2854 ra,
1072 2797 1219 2859 displease.

80 2862 82 2866 '
155 2862 273 2910 onnade.
728 2867 783 2911 61.
816 2862 979 2923 re-psrgnc,
1006 2865 1028 2922 1,
1052 2879 1087 2922 a,
1105 2864 1176 2927 fight
1194 2866 1276 2924 back,

118 2924 257 2989 venetic,
277 2926 368 2989 -6ni8,
393 2944 426 2988 n,
445 2930 574 2994 hunting,
592 2930 673 2978 hunt·
759 2943 876 2993 oppose,
889 2928 981 2977 resist.

155 2995 206 3058 ing
218 2995 365 3057 spectacla
728 3002 783 3045 66.
815 2991 918 3056 nscia,
934 2992 984 3056 -is,
999 3011 1039 3054 n,
1056 2997 1168 3063 bundle,
1186 2999 1278 3061 fag0t3

123 3066 180 3112 52.
216 3057 356 3121 Bibulus,
377 3061 410 3123 -i,
426 3078 465 3121 m,
483 3078 627 3122 cognomen
644 3065 677 3124 of
755 3065 804 3122 pt,
824 3063 872 3110 the
890 3063 987 3121 fasces,
1005 3077 1022 3111 a
1040 3064 1144 3112 bundle
1162 3066 1193 3111 of
1209 3065 1276 3112 rods

155 3125 199 3176 Μ.
211 3124 396 3189 Calpurnius
408 3126 547 3177 Bibulus.
758 3129 867 3177 carried
880 3129 1112 3191 byalict013sec
1124 3146 1161 3178 on
1180 3130 1277 3179 1V44.

118 3191 381 3256 §Eparitimmdm
398 3199 489 3259 spart,
506 3196 673 3259 separately.
728 3200 783 3244 66.
817 3192 989 3257 arbitrium,
1001 3194 1034 3257 -i‚
1058 3211 1094 3255 rc,
1120 3198 1277 3261 judgment,

123 3269 179 3313 55.
203 3258 327 3322 millies,
334 3262 673 3320 udu.,athcusandtimes.
760 3263 894 3325 pieasure,
907 3263 1061 3326 authority.

119 3326 296 3389 sectarum,
307 3340 347 3390 -a,
359 3340 434 3389 -um,
445 3331 510 3390 ndi,
521 3332 576 3377 two
589 3330 644 3377 and
657 3343 673 3377 a
728 3333 783 3381 67.
817 3328 925 3387 testor,
939 3332 961 3388 l,
974 3332 1041 3390 dep,
1054 3345 1088 3388 α,
1101 3330 1154 3378 call
1170 3344 1201 3378 ss
1219 3330 1278 3379 wit·

155 3397 324 3454 balneensi,
333 3411 363 3445 n.
374 3394 421 3461 (sc.
430 3393 674 3459 nummuslfflcn,
759 3409 834 3455 ness3
846 3399 940 3454 attest,
953 3397 1062 3459 certify,
1080 3399 1147 3446 bear
1165 3397 1278 3445 witness

152 3465 238 3524 plur,
259 3460 446 3522 asenniam,
476 3478 493 3512 a
510 3468 637 3521 sesterce‚
655 3478 674 3510 a
758 3465 799 3511 to.

155 3532 239 3579 small
262 3532 343 3579 silvei·
365 3533 434 3589 coin,
456 3532 607 3590 oriqiuallv
625 3534 674 3577 two
725 3526 826 3589 signs),
838 3530 862 3587 1,
875 3543 909 3587 a.,
927 3530 1018 3589 mark,
1037 3530 1193 3594 designate;
1211 3532 1276 3589 secl,

157 3599 217 3647 and
228 3610 248 3644 a
260 3598 324 3658 hals
333 3612 415 3655 asses,
429 3613 456 3637 =
465 3599 536 3658 four
552 3599 609 3644 aad
626 3611 675 3643 one
759 3595 832 3659 sign,
845 3595 942 3658 ratify.

156 3665 319 3712 tenthccnts.
729 3666 784 3714 71.
817 3657 938 3723 fungor,
961 3657 1097 3723 functus,
1120 3661 1152 3723 -i,
1170 3667 1194 3724 3,
1211 3667 1279 3725 dep,

125 3736 182 3780 58.
217 3726 355 3789 Crassus,
372 3728 404 3790 -i,
421 3745 460 3786 m,
473 3732 578 3789 family
595 3743 675 3776 name
760 3744 795 3785 ra,
807 3729 942 3791 perform,
955 3730 1104 3792 complete,
1117 3732 1179 3778 end.

155 3798 191 3858 of
198 3793 243 3844 Μ.
253 3793 392 3845 Licinius
405 3794 541 3844 crassus.

160 4039 216 4086 57.
260 4030 451 4093 societatem,
471 4034 518 4081 the
535 4034 596 4080 first
613 4033 799 4080 triumviratu.
