3059 4417
256 296 316 360 208
569 317 731 368 nuceum
749 317 796 368 or
814 319 890 368 rus
909 318 1093 372 aaronem
1305 321 1402 372 xxxv

255 482 314 546 bat
331 488 442 546 vivam
468 481 708 564 comprehendi
733 482 975 567 triumphoque
997 491 1132 561 servari,
1160 485 1311 568 aspidem
1335 486 1405 552 sibi

255 582 459 646 afferendam
474 583 604 647 curavit
623 584 764 666 eiusque
788 592 900 649 morsu
926 585 1037 666 periit.
1095 583 1293 667 Cleopatrae
1317 609 1404 652 mor-

256 686 334 747 tuae
348 691 559 747 commr‘mem
574 705 649 748 cum
665 685 818 748 Antonio
832 683 1039 766 sepulturam
1062 687 1192 751 tribuit.

297 783 448 848 Tandem
463 781 679 860 Octavianus,
695 784 851 849 hostibus
865 790 965 851 victis
980 785 1072 850 solus
1095 787 1238 868 imperio
1263 791 1406 868 potitus,

201 907 245 952 es
256 885 456 950 clementem
471 895 507 949 se
521 884 686 949 exhibuit.
730 882 854 948 Omnia
869 885 1030 967 deinceps
1041 887 1078 950 in
1090 887 1242 969 adplene
1251 897 1408 952 mansue·

257 986 386 1050 tudinis
409 991 444 1051 et
465 985 694 1050 humanitatis.
738 983 861 1050 Multis
890 987 1022 1069 ignovit
1051 987 1104 1051 vel
1133 989 1185 1062 iis,
1216 997 1278 1071 qui
1305 1009 1410 1070 saepe

256 1088 402 1169 graviter
416 1109 493 1151 eum
508 1086 726 1151 offenderent.
785 1085 954 1151 Reversus
969 1089 1006 1150 in
1028 1075 1165 1152 Ttaliam
1191 1089 1410 1169 triumphans

257 1187 399 1252 Romam
414 1189 586 1269 ingressus
600 1190 660 1251 est.
714 1185 803 1250 Tum
817 1186 917 1252 bellis
933 1190 1004 1251 toto
1020 1190 1099 1252 orbe
1115 1180 1311 1270 compositis
1327 1189 1411 1254 Iani

256 1290 385 1372 gemini
398 1291 513 1370 portas
527 1295 588 1352 sua
603 1295 704 1350 manfr
720 1285 851 1361 clausit,
867 1309 954 1369 quae
969 1287 1023 1352 bis
1038 1292 1170 1354 tantum
1193 1293 1291 1354 antei
1315 1289 1409 1354 olau-

178 1405 313 1454 100sae
342 1388 486 1463 fuerant,
516 1394 663 1468 primum
692 1388 756 1451 sub
792 1386 906 1452 Numa
942 1397 1029 1471 rege,
1067 1390 1189 1453 iterum
1225 1394 1303 1470 post
1338 1398 1410 1471 pri-

257 1513 349 1554 mum
406 1488 574 1553 Punicum
623 1486 760 1551 bellum.
832 1486 929 1553 Tunc
980 1498 1096 1553 omnes
1146 1490 1409 1570 praeteritorum

256 1589 420 1654 malorum
466 1587 592 1651 oblivio
638 1586 729 1668 oepit
776 1586 991 1672 populusque
1038 1588 1212 1653 Romanus
1251 1611 1409 1670 praesen-

257 1691 302 1754 tis
330 1690 393 1753 otii
420 1688 549 1753 laetitia
577 1686 823 1769 perimebatur.
882 1686 1068 1752 Octaviano
1097 1689 1236 1753 maximi
1262 1690 1411 1756 honores

258 1794 417 1855 asenath
442 1787 546 1852 delati
571 1793 660 1853 sunt.
719 1786 799 1868 Ipse
824 1787 1001 1870 Augustus
1027 1790 1286 1871 cognominatus
1311 1795 1345 1854 et
1368 1791 1410 1855 in

178 1891 417 1954 rochonorem
433 1891 506 1954 eius
520 1889 646 1953 mensis
662 1886 802 1953 Sextilis
825 1888 942 1952 eodem
966 1889 1102 1953 nomine
1127 1890 1317 1971 appellatus
1344 1896 1409 1966 est,

256 1991 348 2081 quod
395 1989 453 2052 illo
488 1998 604 2053 mense
639 1988 738 2052 bellis
774 1987 933 2052 civilibus
969 1987 1053 2053 finis
1088 1993 1176 2054 esset
1213 1991 1407 2072 impositus.

257 2090 369 2155 Patris
383 2091 511 2171 patriae
527 2097 712 2171 cognomen
736 2090 886 2153 universi
913 2089 1059 2153 maximo
1085 2098 1252 2155 consensu
1277 2091 1410 2156 detule-

257 2195 336 2255 runt
360 2198 400 2254 ei.
459 2188 702 2254 Deferentibus
730 2188 909 2253 lacrimans
939 2190 1114 2270 respondit
1143 2190 1321 2273 Augustus
1349 2190 1409 2256 his
1437 2205 1439 2208 ⁴

255 2293 380 2357 verbis:
404 2289 578 2370 “Compos
593 2288 703 2353 factus
717 2292 871 2354 votorum
887 2298 1047 2365 meorum,
1071 2296 1184 2372 patres
1208 2296 1406 2371 conscripti,

177 2393 340 2478 nequid
360 2392 469 2455 habeo
491 2389 594 2465 aliud,
618 2389 710 2472 quod
732 2388 814 2454 debs
842 2389 1049 2454 immortales
1076 2412 1202 2471 precer,
1233 2412 1335 2474 quam
1365 2396 1408 2456 ut

255 2494 348 2557 hunc
383 2499 584 2557 consensum
620 2494 768 2553 vestrum
804 2490 846 2554 ad
876 2489 1032 2554 ultimum
1061 2494 1151 2554 vitae
1180 2489 1286 2555 finem
1317 2491 1406 2556 mihi

256 2592 404 2675 perferre
418 2590 533 2655 liceat!
542 2591 561 2621 ”

298 2692 509 2758 Dictaturam
546 2696 667 2770 magna
700 2695 736 2752 vi
763 2688 924 2753 offerente
954 2687 1081 2769 populo
1109 2689 1309 2770 deprecatus
1344 2695 1410 2757 est.

257 2793 397 2858 Domini
410 2790 671 2873 appellationem
686 2809 819 2870 semper
841 2788 1014 2853 exhorruit
1039 2810 1182 2871 eamque
1206 2790 1273 2854 sibi
1300 2791 1413 2855 tribui
1487 2779 1492 2784 ’

259 2953 313 2998 sl.
347 2940 650 3007 aspiS‚·idis,r.,ssp‚
664 2942 753 3005 viper.
862 2945 939 2989 104.
973 2937 1148 3004 Augustus,
1164 2939 1198 3002 -i‚
1214 2956 1416 3002 mammam
1498 2930 1502 2937 ’

259 3028 313 3073 ee.
348 3018 493 3080 clemens,
512 3014 617 3078 entis,
640 3018 705 3077 adj„
726 3015 805 3074 mild‚
890 3010 967 3088 sivan
990 3011 1016 3055 to
1041 3004 1230 3057 Octavianus
1254 3005 1412 3072 vassen:

289 3089 391 3154 gentle,
412 3086 550 3143 merciful,
569 3083 805 3147 compassiouate.
866 3122 869 3129 .
890 3078 1022 3137 majesty.

256 3160 395 3225 exhibeo,
418 3166 442 3220 2,
466 3177 501 3219 a„
524 3160 590 3208 hold
614 3159 699 3216 forth,
721 3157 805 3216 show,
856 3146 1050 3211 efignbmlnsr,
1063 3152 1085 3208 1,
1099 3165 1133 3207 a„
1147 3165 1285 3200 surname.

290 3232 409 3295 display,
423 3230 543 3280 exhibit.
861 3229 938 3274 108.
973 3221 1110 3285 lacrimo,
1124 3228 1146 3283 1,
1158 3240 1194 3284 ra,
1206 3240 1291 3290 weep.

260 3316 338 3361 101.
373 3302 570 3370 praeteritus,
593 3313 633 3363 ·a‚
655 3311 730 3360 -um,
747 3301 804 3362 adj.
860 3304 937 3349 109.
973 3309 1107 3359 compos,
1125 3296 1230 3362 potis,
1248 3303 1313 3362 adj„
1335 3317 1413 3353 mas-

291 3374 379 3443 (part.
391 3377 423 3435 of
431 3368 614 3435 praetereo),
632 3372 704 3433 past.
888 3370 930 3415 ter
944 3368 981 3424 of,
995 3368 1146 3415 successful
1158 3368 1197 3415 in.

260 3467 338 3514 102.
372 3455 497 3517 oblivio,
508 3451 599 3514 -onis,
611 3468 643 3506 r..
657 3451 818 3513 forgetful··
855 3449 973 3510 vetum,
985 3448 1016 3511 -i‚
1029 3466 1062 3508 ra,
1077 3465 1146 3509 vos,
1160 3465 1269 3516 prayer,
1282 3452 1362 3501 wish.

289 3544 360 3588 110882
373 3526 511 3576 oblivion.
859 3538 937 3583 112.
955 3529 1095 3595 per-fere,
1102 3530 1184 3594 -tuli,
1193 3530 1298 3596 latus,
1307 3532 1412 3599 -rerre,

259 3618 337 3664 108.
371 3605 533 3672 per-fruor,
554 3601 694 3661 -frl'lctus,
722 3598 753 3660 -ῑ,
780 3604 804 3660 3,
887 3604 994 3660 irr.,a.‚
1007 3602 1091 3664 bring
1104 3601 1332 3666 through30arry
1346 3608 1412 3664 out;

287 3685 355 3742 dep„
366 3694 402 3736 ra,
412 3678 498 3739 enjoy
509 3674 578 3734 fully
586 3667 803 3732 orthoroughly.
887 3667 1035 3727 maintain‚
1048 3669 1148 3717 retain.

293 3902 371 3947 105.
407 3888 547 3950 Sextilis3
577 3888 625 3937 the
653 3885 752 3934 mouth
777 3886 808 3933 oi
854 3884 901 3933 the
924 3885 1009 3944 sixth‚
1034 3888 1152 3935 because
1181 3887 1334 3951 originally
1360 3890 1411 3940 the

255 3966 372 4029 August,
390 3960 480 4009 which
497 3971 553 4007 was
577 3955 664 4003 called
683 3952 807 4012 Sextilis,
856 3952 965 4001 Roman
979 3967 1044 4016 year
1056 3955 1148 4017 began
1161 3954 1228 4003 with
1241 3955 1348 4005 March.
