3059 4417
117 361 207 410 xxm
284 390 288 415 .
479 360 587 413 carus
605 362 730 412 remus
748 359 888 412 causae
1206 339 1267 402 179

118 529 317 611 cegebetur3
333 531 367 592 et
381 527 678 609 comprehensuse
702 526 817 592 Sullae
842 527 973 604 liberte,
998 535 1042 591 ne
1067 527 1109 591 ad
1136 525 1265 592 Sullam

117 629 368 719 perdiceretur,
387 628 444 692 vix
466 627 545 692 date
568 629 711 710 pecunie
736 626 850 692 evesit.
908 626 1083 692 Postremi)
1107 649 1167 710 per
1191 650 1266 710 pro·
1281 646 1323 693 ro

118 738 269 814 pinques
282 734 317 794 et
341 728 462 793 affines
485 736 564 793 sues
588 729 721 794 veniam
747 729 949 811 impetrevit.
1008 727 1099 793 Satis
1124 733 1265 806 cenetat,

118 830 261 906 Sullam,
277 853 355 895 cum
370 829 631 912 deprecantibus
645 830 860 894 amicissimis
881 834 916 894 et
938 831 1162 895 ernetissimis
1184 831 1267 896 viris

117 931 329 1015 aliquamdiir
344 931 544 1013 denegesset
567 936 669 1016 atqm
695 930 747 994 illi
772 931 990 1012 pertineoiter
1015 931 1266 1009 contenderent,

117 1037 349 1115 expignatum
367 1032 502 1097 tandem
526 1031 759 1115 preclemesse,
786 1032 969 1108 vincerent,
996 1032 1179 1097 dummodo
1202 1040 1269 1099 aci-¹

117 1137 194 1197 rent
219 1156 307 1211 eum,
324 1156 426 1218 quem
442 1133 646 1199 incolumem
661 1136 756 1197 tante
770 1153 871 1214 opere
890 1137 1061 1214 cuperent,
1085 1131 1267 1217 aliquande
1282 1149 1323 1194 ιο

116 1234 335 1314 optimetium
352 1236 516 1316 partibua
532 1243 618 1319 ques
632 1244 746 1299 secum
770 1231 872 1298 simul
897 1232 1138 1310 defendissent,
1162 1233 1266 1298 exitie

117 1333 286 1414 futrirum3
301 1357 380 1399 nam
396 1334 533 1401 Caesari
547 1335 672 1400 multes
686 1333 815 1399 Maride
829 1333 948 1399 inesse.

160 1433 341 1516 Stipendia
357 1443 466 1518 prima
481 1437 518 1500 in
532 1437 615 1501 Asie
629 1435 721 1501 fecit.
765 1432 809 1498 In
824 1434 1072 1516 expignetiene
1086 1432 1265 1517 Mitylena-

117 1555 194 1598 rum
209 1543 332 1600 corene
347 1537 454 1601 civica
469 1537 615 1601 donatus
630 1541 689 1600 est.
735 1535 872 1599 Mortue
888 1532 984 1598 Sulle
997 1533 1158 1598 Rhodum
1179 1544 1267 1600 sece-

116 1634 197 1698 dere
212 1637 341 1713 statuit,
360 1641 399 1701 ut
412 1659 473 1719 per
487 1639 595 1701 otium
610 1635 793 1718 Apellenie
809 1633 950 1711 Moleni,
975 1644 1058 1699 tunc
1081 1634 1267 1700 clerissime
1280 1648 1324 1692 20

115 1734 256 1799 dicendi
270 1738 441 1819 magistre,
458 1759 593 1818 operam
613 1736 717 1800 daret.
776 1732 855 1799 Hic
875 1734 957 1798 dum
983 1736 1105 1811 traicit,
1131 1745 1149 1800 e
1174 1758 1268 1818 prae-

115 1834 266 1900 denibus
286 1842 405 1917 captus
429 1842 480 1902 est
502 1839 694 1920 mansitque
716 1835 808 1918 apud
832 1844 890 1900 ees
914 1857 1019 1917 prope
1045 1836 1269 1919 quadriginte

115 1936 201 2000 dies,
245 1936 311 2001 Per
326 1959 424 2003 omne
440 1942 553 2003 autem
569 1936 654 2001 illud
669 1937 817 2018 spatium
832 1936 880 2000 ita
895 1945 932 2000 se
945 1937 1059 2018 gessit,
1085 1940 1123 2000 ut
1146 1941 1267 2018 piratis

115 2036 246 2116 pariter
261 2040 381 2101 terreri
403 2039 680 2121 veneretienique
704 2040 801 2101 esset.
860 2034 1009 2100 Oomites
1035 2037 1172 2100 interim
1199 2059 1264 2101 ser-

116 2143 246 2219 vesque
262 2136 305 2200 ad
319 2138 545 2218 expediendes
564 2139 733 2220 pecunias,
759 2136 886 2220 quibus
912 2136 1139 2213 redimeretur,
1169 2137 1267 2203 dimi·
1281 2150 1323 2195 2⁶

115 2237 172 2299 sit.
232 2235 367 2319 Viginti
381 2237 507 2302 talenta
521 2241 651 2320 piratae
665 2235 931 2318 postulaverant:
946 2235 1003 2300 ille
1018 2238 1268 2322 quinqueginte

115 2335 276 2400 daturum
298 2346 334 2401 se
362 2339 554 2420 spopondit.
613 2337 747 2436 Quibus
776 2340 961 2401 numeretis
989 2359 1067 2401 cum
1096 2338 1269 2419 expositus

116 2441 208 2500 esset
222 2437 259 2500 in
275 2437 382 2515 litore,
399 2439 577 2504 confestim
594 2438 762 2513 Miletum,
778 2459 865 2521 quae
881 2438 962 2501 urbs
976 2439 1128 2519 proxime
1142 2439 1267 2515 aberat,

117 2538 314 2617 properevit
336 2540 452 2622 ibique
474 2543 645 2604 contracte
667 2536 773 2603 classe
793 2538 946 2603 invectus
975 2538 1011 2601 in
1040 2558 1118 2603 eum
1146 2538 1267 2614 locum,

115 2638 155 2700 in
171 2645 240 2720 que
256 2638 323 2718 ipsi
337 2640 523 2720 praedenes
546 2644 650 2715 erant,
674 2642 803 2720 partem
829 2636 946 2702 classis
970 2637 1112 2720 fugent,
1138 2643 1268 2720 partem
1281 2657 1323 2700 ao

117 2738 246 2812 mersit,
264 2737 394 2821 aliquot
415 2749 517 2803 neves
532 2741 623 2821 cepit
648 2742 843 2820 piratesque
868 2737 905 2799 in
928 2741 1128 2817 potestetem
1157 2740 1267 2804 redec-

119 2896 150 2940 9.
186 2886 326 2951 libertus,
338 2890 370 2954 -i,
381 2907 420 2951 aa,
433 2894 585 2942 freedman.
717 2885 898 2952 Mitylenae,
916 2891 1026 2951 -erum,
1041 2893 1089 2951 pl,
1110 2907 1142 2950 r,
1161 2907 1180 2940 a
1197 2896 1266 2952 clim

120 2969 176 3014 11.
213 2961 329 3025 affinis,
358 2977 397 3027 ·e‚
425 2968 490 3028 adj,
514 2969 667 3030 bordering
751 2956 876 3014 Mlsifi·

151 3046 202 3091 on3
216 3032 533 3094 related;subst.,u.‚r.,
551 3036 668 3083 relative
718 3041 773 3085 20.
808 3031 995 3096 Apollonius
1007 3034 1102 3099 Hele,
1110 3035 1268 3099 Apollonii

152 3096 204 3163 (by
217 3097 380 3163 marriage).
748 3099 894 3165 Uoltinia,
906 3118 945 3162 ua,
957 3120 977 3153 α
986 3106 1092 3153 toacher
1098 3107 1131 3166 os
1134 3108 1268 3155 Rhetoric.

120 3185 175 3230 12.
212 3178 342 3242 amicus,
353 3193 393 3241 -a,
403 3194 477 3243 -um,
486 3186 551 3244 adj,
560 3185 666 3247 leving,
717 3183 772 3227 26.
808 3175 973 3240 talentum,
990 3177 1023 3240 -i,
1040 3194 1074 3239 ra,
1094 3196 1109 3229 a
1132 3182 1232 3240 talent3
1249 3197 1269 3230 a

151 3248 283 3311 friendly,
296 3249 374 3297 kind.
750 3260 811 3293 sum
822 3247 855 3306 of
863 3259 965 3305 money,
977 3249 1148 3301 aboat31132
1156 3251 1188 3296 ia
1196 3251 1267 3309 quid.

122 3327 175 3371 18.
211 3320 353 3384 deneger,
366 3327 388 3383 1,
407 3339 441 3383 a,
459 3340 495 3384 a,
512 3327 608 3386 reject,
626 3340 666 3373 re·
720 3324 775 3373 27.
809 3321 948 3381 numere,
960 3324 983 3379 1,
996 3335 1030 3380 a,
1040 3325 1126 3370 count
1135 3326 1192 3382 out,
1202 3339 1267 3387 pay.

151 3391 224 3448 fuse3
236 3390 320 3453 deny;
332 3405 382 3453 say
394 3406 440 3439 no.
720 3400 775 3444 28.
809 3393 948 3456 Miletus,
955 3394 987 3457 -i,
997 3411 1029 3456 u,
1039 3412 1058 3445 u
1067 3401 1136 3457 oiim
1146 3399 1176 3446 M
1187 3399 1228 3457 1,i
1243 3402 1267 3449 6.

119 3461 329 3525 pertinaciter,
357 3469 427 3524 adn,
455 3467 555 3530 firmly,
589 3470 666 3516 stub·
716 3467 866 3533 proxime,
877 3472 947 3531 adu,
960 3475 1078 3531 nearest,
1090 3476 1168 3522 next.

152 3533 264 3595 bornly,
277 3533 468 3595 persistently.
720 3550 763 3595 aa
810 3543 982 3607 oon-traho,
1002 3544 1106 3607 -traxi,
1125 3547 1267 3611 -traetus,

122 3611 175 3655 14.
210 3604 388 3668 dumm0d0,
416 3611 493 3669 conj,
521 3610 665 3671 provided,
750 3623 823 3673 ere,
834 3616 859 3672 3,
870 3629 905 3672 a,
918 3615 993 3663 draw
1004 3614 1141 3677 together,
1159 3617 1266 3674 collect,

152 3674 175 3720 if
188 3675 265 3737 only,
276 3689 309 3722 so
320 3675 389 3737 long
401 3689 440 3723 as.
752 3681 899 3729 assemble.

123 3753 176 3825 le.
211 3745 666 3811 exprignatie,-enis,u.,storm-
720 3758 775 3868 313.
809 3754 1036 3870 mprgeflqersi,
1044 3766 1186 3818 -mersus,
1195 3768 1267 3818 -ere,

153 3831 211 3879 mg.
771 3836 824 3878 ,a.‚
857 3837 896 3886 lp,
909 3838 983 3871 sin.

1201 3968 1262 3976 *-

155 4044 211 4089 28.
245 4036 399 4102 inlatum,
417 4056 452 4089 an
464 4043 545 4089 Ionio
561 4044 663 4108 colony
672 4060 749 4109 upon
761 4045 809 4093 the
821 4048 898 4094 coast
912 4046 942 4093 of
954 4036 1045 4096 (laria.
