3059 4417
126 345 225 394 xxxv
406 347 635 400 oorsvnxus
657 345 795 398 crusna
813 345 1004 397 rueusrus
1219 325 1279 389 213

125 512 373 580 venustissimi.
434 514 518 579 Erat
532 520 646 580 tamen
661 512 772 579 omnis
792 511 953 577 lenocinii
977 510 1160 596 neglegens
1182 514 1216 574 et
1241 511 1278 574 in

125 616 238 696 capite
272 615 436 680 comendo
465 621 534 681 tam
566 615 766 691 incuriosus,
794 618 832 677 ut
858 620 898 678 eo
923 613 999 696 ipso
1024 618 1184 696 tempore,
1210 619 1279 696 quo

124 714 213 779 illud
234 716 428 782 tonsoribus
443 717 677 793 committeret,
704 719 763 780 aut
786 714 913 798 legeret
935 713 1067 798 aliquid
1092 717 1151 780 eut
1176 713 1278 779 etiam
1300 728 1369 780 eso

124 817 298 881 scriberet.

169 916 293 982 Paucis
308 925 407 983 annis
422 924 605 1002 antequam
620 920 815 992 moreretur,
832 916 1064 999 gravissimam
1078 917 1115 981 in
1139 915 1277 984 Germi-

124 1018 183 1081 niai
197 1018 329 1100 accepit
344 1019 484 1095 elidem,
501 1019 611 1084 tribus
625 1017 820 1101 legionibus
835 1039 913 1081 cum
928 1017 1014 1082 duce
1029 1016 1120 1083 Viro
1142 1019 1276 1101 legatis-

123 1139 193 1200 que
216 1124 250 1182 et
273 1119 409 1184 auxiliis
436 1120 594 1183 omnibus
620 1127 736 1185 caesis.
782 1116 858 1184 Hic
873 1118 1029 1183 nuntiita
1044 1119 1203 1184 excubias
1218 1142 1278 1201 per

124 1218 243 1283 urbem
258 1219 392 1296 indixit,
410 1229 454 1284 ne
469 1221 547 1304 quis
562 1219 730 1284 tumultus
751 1219 936 1296 exsisteret,
961 1224 995 1284 et
1018 1227 1158 1303 magnos
1182 1220 1278 1286 ludos
1299 1237 1367 1286 215

124 1318 205 1383 Iovi
216 1321 345 1401 optimo
360 1322 507 1386 maximo
522 1321 623 1396 vovit,
639 1328 669 1385 si
685 1320 875 1401 respublica
896 1322 933 1384 in
956 1320 1128 1385 meliorem
1152 1324 1277 1386 statum

123 1420 289 1486 vertisset.
346 1422 444 1487 Adeo
458 1422 607 1506 denique
622 1425 875 1486 consternatum
890 1420 1014 1497 ierunt,
1040 1425 1087 1498 ut,
1113 1443 1174 1504 per
1198 1444 1275 1486 con-

123 1521 240 1586 tinuos
263 1531 396 1588 menses
422 1524 526 1588 barba
553 1521 744 1606 capillique
770 1522 950 1599 submisso,
977 1526 1080 1605 ceput
1105 1522 1275 1589 interdum

123 1620 257 1687 foribus
293 1623 450 1701 illideret,
494 1622 698 1689 vociferans:
746 1621 935 1702 “Quinctili
986 1620 1084 1700 Vere,
1128 1623 1278 1707 legiones

124 1721 271 1788 redde!’'
307 1725 467 1809 diemque
504 1725 610 1791 cladis
646 1729 830 1807 quotannIs
859 1729 1024 1790 maestum
1053 1724 1211 1790 habuerit
1239 1732 1278 1791 ao
1298 1746 1367 1795 aco

123 1821 312 1905 lugubrem.

167 1922 318 1989 Tandem
335 1926 459 1990 afflicti
476 1925 668 1990 valetudine
694 1926 731 1987 in
757 1922 977 2006 Campainiam
1004 1925 1179 2000 concessit,
1206 1925 1275 2001 ubi,

124 2032 265 2089 remisso
280 2026 320 2090 ad
344 2027 451 2090 otium
476 2026 598 2100 animo,
625 2024 719 2088 millo
744 2024 927 2089 hilaritritis
952 2046 1075 2106 genere
1101 2026 1275 2089 abstinuit.

125 2123 292 2205 Supremo
307 2132 397 2190 vitae
412 2127 467 2191 die
491 2131 599 2207 petito
623 2124 760 2206 speculo
784 2123 945 2207 capillum
971 2125 1037 2189 sibi
1063 2133 1152 2188 comi
1177 2127 1277 2190 iussit

125 2230 159 2288 et
179 2234 305 2291 amicos
334 2228 591 2292 circumstantes
621 2229 849 2307 percontatus,
881 2226 1004 2310 ecquid
1033 2227 1076 2290 iis
1106 2226 1277 2291 videretur
1297 2249 1362 2296 aas

124 2335 267 2391 mimum
281 2332 371 2393 vitae
397 2328 572 2392 commode
598 2326 810 2407 trinsegisse,
838 2326 962 2391 adiecit
986 2325 1120 2391 solitam
1145 2326 1275 2391 clausu-

125 2427 205 2491 lam:
230 2414 361 2493 “Edita
375 2428 555 2510 strepitum
571 2436 698 2510 vosque
713 2436 829 2492 omnes
852 2449 929 2492 cum
953 2426 1077 2510 gaudio
1101 2427 1275 2508 applaudi·

126 2530 190 2591 te.’'
233 2527 330 2593 Obiit
345 2528 453 2594 Nolae
468 2533 600 2593 sextum
616 2533 649 2592 et
664 2528 952 2609 septuaigesimum
968 2550 1096 2592 annum
1110 2537 1223 2610 agens.

128 2685 207 2731 208.
242 2680 403 2743 venustus,
436 2692 476 2741 -a,
502 2692 577 2743 -um,
614 2683 678 2742 adj,
764 2695 799 2739 α.,
812 2680 882 2729 dash
899 2680 1015 2744 orpush
1028 2681 1149 2745 against.

157 2747 314 2812 charming,
327 2750 482 2812 agreeable,
495 2750 629 2813 greosful.
731 2743 929 2808 Quinctilius,
946 2745 978 2808 -i,
989 2763 1028 2807 n,
1046 2763 1065 2796 α
1082 2750 1180 2808 pentile
1196 2763 1283 2798 name.

124 2810 323 2876 lenocinium,
334 2814 368 2877 -i,
382 2831 417 2876 ru,
428 2817 604 2875 allnrement3
617 2830 678 2879 per·
732 2818 812 2861 220.
848 2812 1037 2875 quot-annis,
1050 2817 1120 2872 ode,
1139 2817 1280 2880 annually.

158 2883 238 2930 sonal
252 2883 428 2930 adornment.
732 2885 799 2928 221
839 2876 989 2942 lugubris,
1000 2892 1038 2941 -e,
1051 2884 1115 2942 adj,
1128 2884 1159 2930 of
1171 2899 1283 2932 mouru-

123 2954 303 3019 neglegens,
316 2955 419 3017 -entis,
427 2959 483 3017 adj.
494 2956 576 3018 (part.
585 2958 618 3017 of
626 2967 679 3004 ne·
763 2949 821 3010 ing,
836 2949 951 3023 dolefnn
964 2948 1128 3024 dissasstrqus·

157 3021 271 3086 glego),
290 3024 421 3082 heedless,
445 3025 571 3083 oareless,
591 3024 679 3087 negli-
732 3017 812 3062 22³·
846 3010 999 3075 hllffl'lfflr
1030 3015 1113 3077 411318,
1136 3030 1168 3075 Fe
1192 3016 1283 3066 0h001·

157 3095 234 3152 gent,
763 3082 877 3137 fulness,
889 3082 993 3145 gaiety,
1011 3083 1184 3131 mortiment.

126 3170 207 3214 209.
242 3165 340 3224 como,
369 3162 498 3226 compsi,
527 3164 679 3225 comptus,
732 3160 812 3206 224.
847 3156 1020 3218 Suprssmfflr
1050 3169 1089 3219 ·⁸›
1117 3168 1192 3219 Μ,
1215 3160 1281 3220 adj,

158 3241 231 3292 -erc,
243 3234 266 3290 3,
280 3247 314 3289 a,
331 3234 424 3289 comb,
450 3246 576 3296 arrange,
594 3234 679 3288 dress,
763 3237 823 3283 8111)·
835 3224 1147 3287 ⁰s⁸uP01¹u⁸rhlgh0⁸b
1158 3226 1221 3274 lasl-

159 3299 257 3346 adorn.
729 3293 901 3359 speculum,
912 3295 944 3359 -i,
956 3312 991 3356 ra,
1004 3298 1115 3347 mirror.

123 3370 320 3434 in-ouriosus,
333 3383 373 3434 -e,
385 3383 460 3434 -um,
473 3375 538 3434 adj,
552 3374 678 3431 carelees,
733 3376 813 3421 226.
848 3371 972 3434 mimus,
984 3371 1016 3435 -i,
1027 3389 1066 3433 u,
1078 3375 1170 3423 comio
1191 3379 1281 3437 actor,

160 3441 312 3503 negligent,
326 3442 528 3488 unoonoerned.
764 3439 863 3487 mimis
875 3441 950 3504 play,
963 3441 1048 3500 faros,
1060 3443 1186 3505 eomedy.

127 3521 207 3566 213.
242 3511 354 3575 varus,
377 3512 409 3575 -i,
438 3530 476 3572 m,
500 3530 629 3564 saraame
651 3517 683 3576 of
730 3512 982 3575 commod6,odo.,
1002 3518 1145 3580 properly,
1167 3517 1281 3581 rightly,

159 3579 192 3629 P.
205 3578 395 3634 Quinctilius
406 3578 517 3629 Varus.
763 3581 832 3628 well.

127 3662 208 3706 214.
244 3650 401 3716 excubiae,
430 3667 542 3717 crum,
567 3659 617 3717 pl,
646 3671 678 3714 r,
730 3651 879 3717 clausule,
890 3667 948 3717 -ae,
959 3670 993 3715 n,
1005 3659 1176 3717 conclusion,
1189 3659 1282 3708 finish.

161 3724 282 3786 keeping
309 3723 409 3781 watch3
439 3722 602 3781 watchmen,
631 3737 679 3786 pa·
733 3734 812 3782 227,
847 3727 1012 3793 applaudo,
1035 3729 1160 3794 plangi,
1182 3731 1282 3795 plau.

158 3791 237 3837 trols·
763 3807 827 3857 sus,
839 3808 911 3859 -ere,
930 3802 954 3858 3,
978 3814 1012 3857 α.,
1037 3802 1111 3859 beat,
1132 3801 1208 3865 olap3
1232 3816 1282 3866 ap-

126 3871 208 3916 218.
230 3861 412 3925 inter-dum,
424 3867 494 3922 adu,
507 3864 678 3921 sometimes,
764 3863 859 3927 plaud.

160 3933 358 3995 occasionally.
733 3942 813 3987 228.
852 3937 1111 4002 septuagesimus,
1140 3952 1180 4004 -a,
1207 3953 1283 4006 ·um,

127 4014 208 4060 219.
244 4004 340 4069 illido,
352 4003 425 4067 -liei,
444 4002 544 4066 -lisuS,
559 4016 631 4066 -crc,
655 4008 678 4062 3,
764 4008 830 4067 adj,
843 4007 1007 4056 serentietb.
