3059 4417
154 339 227 390 xxx
450 337 594 390 onasus
612 337 802 390 roursrns
821 338 971 390 morus
1242 320 1302 386 173

154 524 232 568 eum
261 502 406 580 fecisset,
436 502 618 584 Pompeius
646 524 783 568 menum
813 504 1013 584 amputavit3
1038 504 1098 569 sed
1122 504 1239 569 multis
1266 505 1304 569 in

154 625 233 668 eum
268 604 545 668 concurrentibus
582 602 703 668 vulnus
739 604 777 668 in
805 602 931 668 femore
961 606 1091 685 accapit
1119 608 1154 670 et
1182 614 1201 670 a
1230 613 1303 670 suis

154 702 367 788 fugientibus
381 703 533 769 desertus
548 704 585 767 in
604 704 752 768 hostium
775 707 940 784 potestate
964 709 1043 769 erat.
1100 705 1148 770 At
1172 694 1304 786 praeter

153 826 249 886 spem
264 805 382 869 avasit:
405 805 538 868 barbari
553 805 643 868 enim
659 826 784 888 equum
800 805 874 869 aius
895 812 976 868 aura
997 805 1213 888 phalerisque
1235 807 1301 871 exi-
1328 830 1371 876 ee

153 905 233 969 miis
258 908 459 969 instractum
489 909 655 987 caperent.
708 903 801 968 Dum
829 904 935 987 igitur
963 906 1120 985 praedam
1149 907 1237 970 inter
1266 916 1302 971 sa

153 1005 354 1070 altercantes
367 1005 569 1087 partiuntur,
585 1005 769 1087 Pompaius
782 1013 898 1070 earnm
913 1014 1031 1069 maniis
1046 1007 1175 1089 effigit.
1211 1006 1304 1071 Alte-

153 1114 191 1170 ra
206 1104 334 1187 proelia
349 1127 426 1170 cum
444 1105 603 1170 Metellus
624 1105 788 1187 Pompeii>
809 1105 975 1170 labarenti
997 1105 1122 1170 auxilia
1146 1108 1302 1183 vanisset,

154 1205 326 1271 Sertarius
350 1206 503 1271 recadere
528 1211 664 1271 coactns
692 1207 817 1271 dixisse
846 1206 965 1270 fertur:
997 1206 1101 1270 “Nisi
1132 1228 1217 1271 anus
1247 1207 1304 1271 illa

152 1308 412 1388 supervenisset,
435 1328 497 1390 ego
518 1306 610 1372 hunc
631 1328 774 1388 puerum
796 1307 991 1371 verberibus
1013 1311 1214 1389 castigatum
1236 1306 1303 1372 Rs·
1328 1329 1372 1377 ro
1429 1308 1435 1316 '

153 1429 243 1472 mam
260 1408 494 1475 dimisissem.'’
551 1406 728 1473 Metellum
743 1429 846 1471 anum
861 1406 1060 1488 appellabat,
1077 1408 1157 1491 quia
1172 1409 1211 1483 is,
1234 1409 1301 1472 ism

152 1530 264 1584 saner,
280 1509 323 1573 ad
337 1507 471 1572 mollem
486 1513 520 1573 et
534 1508 762 1573 effeminatam
780 1511 883 1572 vitam
906 1508 1095 1573 deflexerat.
1154 1508 1303 1575 Sertario

152 1607 333 1673 interiecta
348 1608 531 1691 Pompeius
545 1608 749 1691 Hispaniam
764 1609 900 1690 recapit.

195 1707 283 1772 Cum
305 1713 434 1790 piratae
458 1709 517 1773 illa
543 1712 740 1790 tempestate
766 1709 871 1772 maria
899 1709 1012 1772 omnia
1040 1707 1241 1773 infestarent
1270 1715 1303 1774 et

151 1809 316 1892 quasdam
331 1810 432 1874 etiam
449 1795 569 1875 ltaliae
591 1810 692 1875 urbas
713 1809 943 1889 diripuissent,
968 1809 1010 1873 sd
1034 1817 1090 1872 eas
1113 1810 1302 1889 opprimen-
1327 1827 1370 1875 re

149 1909 213 1973 das
235 1932 313 1974 cum
334 1910 476 1991 imperia
499 1910 761 1975 extraardinaria
785 1917 909 1973 missus
932 1914 982 1973 est
1006 1909 1198 1989 Pompeius.
1242 1910 1301 1973 Ni-

150 2009 239 2074 miae
267 2010 333 2076 viri
360 2012 530 2091 potentiae
558 2011 768 2076 obsistabant
792 2009 931 2093 quidam
957 2032 996 2073 ex
1022 2010 1242 2091 optimatibus
1268 2016 1302 2076 et

149 2110 310 2192 inprimis
331 2110 481 2191 Quintus
503 2110 652 2176 Catulus.
711 2109 881 2190 Quicum
907 2110 943 2173 in
969 2110 1125 2174 cantiane
1150 2110 1300 2187 dixisset,

149 2231 224 2275 esse
239 2210 377 2295 quidem
391 2211 598 2292 praeclarum
613 2213 722 2275 virum
740 2209 802 2275 On.
825 2209 1035 2291 Pompeium,
1058 2211 1117 2274 sed
1138 2218 1206 2274 nan
1228 2232 1300 2275 esse

150 2319 212 2376 imi
226 2312 339 2375 omnia
353 2311 541 2388 tribuenda,
557 2312 814 2394 adiecissetque:
837 2309 905 2375 “Si
923 2311 1007 2393 quid
1028 2311 1109 2375 huic
1131 2296 1299 2388 sccid'erit,
1323 2325 1368 2372 eo

149 2433 253 2495 quem
268 2412 305 2475 in
325 2412 399 2476 aius
420 2411 531 2476 locum
553 2411 807 2478 substituatis?”
830 2418 961 2475 summa
984 2419 1149 2476 cansansir
1172 2410 1298 2476 succla-

149 2513 256 2576 mavit
271 2513 425 2578 aniversa
439 2514 565 2577 cantia:
611 2512 695 2589 “Ta,
712 2511 840 2592 Quinte
855 2509 1004 2575 Catule.”
1049 2510 1145 2603 'Tam
1164 2511 1298 2577 honari·

153 2636 208 2681 62.
242 2629 703 2696 amputo‚1‚a.,0urer10p0r.
791 2633 864 2679 nate.

153 2703 208 2748 63.
244 2694 353 2760 femur,
363 2695 448 2759 -oris,
459 2714 494 2757 ru,
506 2698 596 2763 thigh.
759 2701 814 2750 74.
848 2693 958 2757 pirata,
970 2707 1028 2758 -αθ,
1040 2712 1079 2753 un,
1092 2698 1192 2760 pirate.

153 2770 209 2815 65.
244 2762 400 2827 phalerae,
411 2768 521 2826 -arum,
534 2769 583 2827 pl,
595 2780 628 2824 r,
641 2769 702 2813 met-
759 2768 814 2817 76.
850 2760 1137 2824 extrcardinariua
1164 2773 1204 2823 -e,
1233 2774 1309 2826 -um,

183 2835 213 2882 al
243 2835 374 2894 trappinp
408 2834 458 2893 for
481 2835 614 2893 forehcod
644 2835 704 2881 and
790 2831 856 2891 adi,
881 2843 1060 2901 uncommon,
1084 2831 1308 2894 extraordinary.

185 2900 443 2959 breurtoj’ahorrc.
758 2901 813 2950 78.
858 2893 1011 2957 inprimis,
1051 2899 1120 2956 adv,
1149 2898 1308 2961 especially,

155 2971 209 3019 67.
243 2962 385 3027 altercer,
403 2969 426 3026 1,
443 2969 511 3028 dep„
527 2982 563 3026 ru,
581 2967 702 3029 disputo,
789 2962 899 3025 chiefly.

185 3033 317 3096 wrangle.
755 3026 893 3090 catulus,
905 3026 937 3089 -ἰ,
961 3044 1001 3087 rs,
1008 3031 1114 3090 family
1126 3045 1206 3079 bama
1222 3032 1255 3092 of
1269 3027 1304 3084 Q

151 3095 280 3161 partior,
301 3101 325 3159 4,
343 3102 412 3161 dep,
429 3114 464 3158 a,
482 3100 571 3158 share,
599 3099 703 3147 divide.
788 3092 936 3145 Lutatius
949 3092 1087 3146 catulus.

155 3172 209 3221 7ο.
243 3163 374 3227 castigo,
396 3169 420 3225 1,
444 3181 479 3224 a,
496 3165 607 3229 punish,
625 3166 703 3214 chas-
757 3168 812 3213 81.
845 3158 1013 3223 substitue,
1036 3161 1090 3225 -ui,
1112 3162 1207 3224 -atus,
1234 3173 1306 3225 -cre,

184 3234 247 3283 tiss.
788 3233 812 3290 3,
836 3245 870 3288 o.‚
896 3233 1022 3292 present;
1035 3233 1086 3293 put
1110 3230 1140 3277 in
1164 3231 1244 3293 place
1267 3233 1305 3289 oi,

46 3362 50 3373 Ι
154 3304 209 3354 72.
244 3295 358 3360 mollis,
379 3308 418 3360 ·θ,
435 3300 500 3359 adj,
517 3300 583 3358 soit,
601 3299 703 3363 gentle,
788 3296 950 3346 substitute.

185 3366 268 3425 mild3
279 3366 421 3429 unmanly.
754 3360 921 3423 succlamar,
933 3365 957 3422 1,
970 3378 1005 3422 rs,
1018 3362 1101 3411 shout
1114 3363 1143 3410 in
1155 3364 1244 3427 reply.

152 3429 358 3493 effeminatus,
381 3442 422 3494 -s,
442 3442 517 3491 -um‚
534 3434 591 3492 adj.
618 3429 704 3495 (pair.
757 3435 812 3480 82.
845 3425 1044 3491 honariflcus,
1069 3440 1109 3490 -α,
1136 3440 1212 3491 -um,
1239 3433 1305 3493 adt,

184 3503 217 3563 of
231 3495 401 3562 afflamina),
419 3498 581 3558 womanish,
599 3499 704 3547 effemi·
727 3553 731 3560 ι
788 3497 1034 3560 oomplimentary,
1046 3496 1210 3545 honorable.

188 3691 244 3742 74.
278 3683 410 3746 piratam
441 3683 551 3731 “These
580 3682 701 3731 corssirs
752 3680 909 3730 s'andswift
927 3680 1006 3744 ships
1030 3679 1095 3742 they
1119 3682 1235 3729 scoured
1257 3680 1305 3729 the

152 3755 208 3804 had
219 3753 332 3804 banded
343 3751 509 3801 themselves
528 3750 589 3798 into
608 3763 624 3798 a
642 3752 702 3797 sort
753 3751 852 3796 wetere
882 3748 913 3796 of
941 3747 989 3796 the
1019 3747 1243 3795 Mediterranean
1273 3762 1304 3796 so

153 3822 185 3871 of
197 3822 383 3887 goverument
397 3819 452 3867 and
465 3816 527 3865 held
540 3816 702 3880 possession
753 3815 816 3863 that
828 3828 865 3863 no
878 3815 1090 3864 merchantman
1103 3814 1185 3862 could
1203 3814 1304 3877 spread

154 3890 185 3939 of
196 3901 347 3938 numerous
356 3884 545 3948 strongholds
553 3884 617 3932 four
635 3882 704 3931 hun·
755 3882 803 3930 her
816 3882 883 3930 sails
895 3882 925 3929 in
944 3881 1060 3944 sarstyr’
1097 3882 1200 3944 Meyer,
1219 3897 1246 3944 p.
1264 3884 1305 3930 96.

154 3957 230 4015 ared,
253 3955 277 4003 it
301 3955 325 4003 is
343 3953 414 4011 said,
432 3953 462 4000 in
480 3951 588 4010 Cilicia,
615 3950 704 4009 Orate,
755 3950 807 3998 See
818 3949 941 4008 Pennell,
955 3964 983 4013 p.
996 3951 1052 3997 120.

154 4023 209 4073 and
221 4022 300 4072 other
314 4019 465 4070 countries.
500 4019 600 4067 Witha
625 4017 704 4067 thou·
729 4028 732 4079 l
